@book{drensky1999,
	Address = {Singapure},
	Author = {Vasselin Dresnky},
	Date-Added = {2019-01-03 02:57:38 +0000},
	Date-Modified = {2019-01-03 02:57:38 +0000},
	Edition = {1th Edition},
	Publisher = {Springer},
	Title = {Free algebras and PI-algebras: Graduate Course in Algebra},
	Year = {1999}}
	
@book{bressar2014,
	Address = {Switzerland},
	Author = {Matej Brešar},
	Date-Added = {2019-01-07 14:50:00 +0000},
	Date-Modified = {2019-01-07 14:50:00 +0000},
	Edition = {1th Edition},
	Publisher = {Springer},
	Title = {Introduction to Noncommutative Algebras},
	Year = {2014}}
	
@book{busekros1946,
	Address = {Auf der Morgenstelle 28, Federal Republic of Germany},
	Author = {Angelika Wörz-Busekros},
	Date-Added = {2019-05-20 10:32:00 +0000},
	Date-Modified = {2019-05-10 10:32:00 +0000},
	Edition = {1th Edition},
	Publisher = {Springer-Verlag},
	Title = {Lecture Notes in Biomathematics},
	Year = {1946}}
	
@article{reed1997,
    Author = {Mary Lynn Reed},
    Title = {Algebraic Structure of Genetic Inheritance},
    Journal = {Bulletin of the American Mathematical Society, Volume 34, Numver 2, Pages 107-130},
    Year = {1997},
}

@book{tian2008,
	Address = {Mathematical Biosciences Institute, The Ohio State University, 231 West 18th Avenue Columbus, OH 43210-1292, USA},
	Author = {Jianjun Paul Tian},
	Date-Added = {2019-07-21 10:59:00 +0000},
	Date-Modified = {2019-07-21 11:00:00 +0000},
	Edition = {1th Edition},
	Publisher = {Springer-Verlag},
	Title = {Evolution Algebras and their Applications},
	Year = {2008}}